@book{Goodliffe2007,
  title = {Code Craft: The Practice of Writing Excellent Code},
  publisher = {No Starch Press},
  year = {2007},
  author = {Pete Goodliffe},
  isbn = {1-59327-119-0},
  owner = {Stefan},
  price = {$44.95},
  timestamp = {2008.12.20},
  totalpages = {624},
  url = {http://amazon.com/o/ASIN/1593271190/}
}

@book{Ali2022,
  title = {Efficient and Provably Secure Schemes for Vehicular Ad-Hoc Networks},
  publisher = {Springer},
  year = {2022},
  author = {Ikram Ali and Yong Chen and Mohammad Faisal and Meng Li}
}

@book{Ferrer2023,
  author    = {Ana Juan Ferrer},
  title     = {Beyond Edge Computing: Swarm Computing and Ad-Hoc Edge Clouds},
  publisher = {Springer Nature},
  year      = {2023}
}

@book{Benhaddou2015,
  author    = {Driss Benhaddou and Ala Al-Fuqaha (Hrsg.)},
  title     = {Wireless Sensor and Mobile Ad-Hoc Networks: Vehicular and Space Applications},
  publisher = {Springer},
  year      = {2015}
}

@inproceedings{Li2012,
  author    = {Xiang-Yang Li and Symeon Papavassiliou and Stefan Ruehrup (Hrsg.)},
  title     = {Ad-hoc, Mobile, and Wireless Networks: 11th International Conference, ADHOC-NOW 2012, Belgrade, Serbia, July 9-11, 2012},
  booktitle = {Ad-hoc, Mobile, and Wireless Networks: 11th International Conference, ADHOC-NOW 2012},
  publisher = {Springer},
  year      = {2012}
}

@book{Shakir2016,
  author    = {Muhammad Zeeshan Shakir and Muhammad Ali Imran and Khalid A. Qaraqe and Mohamed-Slim Alouini and Athanasios V. Vasilakos (Hrsg.)},
  title     = {Energy Management in Wireless Cellular and Ad-hoc Networks},
  publisher = {Springer},
  series    = {Studies in Systems, Decision and Control},
  volume    = {50},
  year      = {2016}
}

@article{Singh2013,
  author    = {Prachee Singh and Yatindra Kumar Srivastava and Rahul and Shelja Sharma},
  title     = {Ad Hoc Network Based Android Messaging Apps},
  journal   = {Department of Computer Science \& Engineering, Galgotias College of Engineering \& Technology and School of Engineering \& Technology, Sharda University},
  year      = {2013},
  pages     = {1249--1253}
}

@proceedings{Quadros2011,
  editor    = {William Roshan Quadros (Hrsg.)},
  title     = {Proceedings of the 20th International Meshing Roundtable},
  publisher = {Springer-Verlag},
  year      = {2011}
}

@article{Song2004,
  author    = {J. H. Song and V. W. S. Wong and V. C. M. Leung},
  title     = {Efficient on-demand routing for mobile ad hoc wireless access networks},
  journal   = {IEEE Journal on Selected Areas in Communications},
  volume    = {22},
  number    = {7},
  year      = {2004},
  pages     = {1374--1383}
}

@article{Chatterjee2015,
  author    = {S. Chatterjee and S. Das},
  title     = {Ant colony optimization based enhanced dynamic source routing algorithm for mobile Ad-hoc network},
  journal   = {Information Sciences},
  volume    = {295},
  year      = {2015},
  pages     = {67--90}
}

@article{Li2007,
  author    = {X. Li and A. Nayak and I. Ryl and D. Simplot},
  title     = {On secure mobile ad hoc routing},
  journal   = {Ad Hoc \& Sensor Wireless Networks},
  volume    = {4},
  number    = {3},
  year      = {2007},
  pages     = {229--254}
}
